@misc{GPLv3,
    author={Free Software Foundation},
    title={GNU General Public Licence v3},
    url={https://www.gnu.org/licenses/gpl-3.0.en.html},
    year={2007}
}

@misc{CIAABOT:documentacion,
    title={Documentación de CIAABOT},
    url={http://leandrolanzieri.github.io/ciaabot-ide/documentacion},
    year={2017}
}

@misc{CIAA:firmwarev2,
    title={CIAA Firmware v2},
    url={TODO: Agregar link a Firmware v2},
    year={TODO Agregar año de CIAA Firmware v2}
}

@misc{CIAA:z3r0,
    title={CIAA Z3R0},
    url={TODO: Agregar link a CIAA Z3R0},
    year={2017}
}

@misc{sAPI,
    title={sAPI},
    url={https://github.com/epernia/sAPI},
    year={2017}
}

@misc{CIAABOT:G1,
    title={Diseño del poncho CIAABOT G1},
    url={https://github.com/leandrolanzieri/ciaabot-g1-poncho},
    year={2017}
}

@misc{CIAA,
    title={Proyecto CIAA},
    url={http://www.proyecto-ciaa.com.ar}
}

@misc{CIAA:wiki,
    title={Wiki del proyecto CIAA},
    url={http://www.proyecto-ciaa.com.ar}
}

@book{teton2003,
  title={Gu{\'\i}a t{\'e}cnica de la acuariofilia},
  author={Teton, J.},
  isbn={9788489840249},
  series={Gu{\'\i}as t{\'e}cnicas},
  url={https://books.google.com.ar/books?id=6vrjovWkQicC},
  year={2003},
  publisher={Tursen S.A. - H. Blume}
}
